<?xml version="1.0" encoding="UTF-8"?><collection xmlns="http://www.loc.gov/MARC21/slim"><record><leader>00565nam--2200169-u-4500</leader><controlfield tag="001">000055575</controlfield><controlfield tag="002">20161230</controlfield><controlfield tag="005">20161230201052</controlfield><controlfield tag="008">130227s1000------------r-----000-0-eng-d</controlfield><datafield ind1=" " ind2=" " tag="040"><subfield code="a">IFIN-HH</subfield></datafield><datafield ind1=" " ind2=" " tag="080"><subfield code="a">621.375.8(038)=30=82</subfield></datafield><datafield ind1="1" ind2=" " tag="100"><subfield code="a">Voropaev, N.D</subfield></datafield><datafield ind1="1" ind2="0" tag="245"><subfield code="a">Deutsch-russisches worterbuch der quantenelektronik, holographie und optoelektronik</subfield><subfield code="b">Nemetko-russkii slovari po kvantovoi elektronike, golografii i optoelektronike</subfield><subfield code="c">N.d. voropaev</subfield></datafield><datafield ind1=" " ind2=" " tag="260"><subfield code="a">Moskva</subfield><subfield code="b">Russkii Iajik</subfield><subfield code="c">1983</subfield></datafield><datafield ind1=" " ind2=" " tag="300"><subfield code="a">446P</subfield></datafield><datafield ind1=" " ind2=" " tag="852"><subfield code="a">D.611</subfield><subfield code="c">SLT</subfield></datafield><datafield ind1=" " ind2=" " tag="CAT"><subfield code="a">Sys</subfield><subfield code="c">20130227</subfield><subfield code="h">131035</subfield></datafield></record></collection>